<record><leader>00000cas a2200000 i 4500</leader><controlfield tag="001">12845711</controlfield><controlfield tag="008">851125d1909191uinudn ne      0    0eng c</controlfield><datafield ind1=" " ind2=" " tag="010"><subfield code="a">sn 85048177 </subfield></datafield><datafield ind1=" " ind2=" " tag="040"><subfield code="a">NPI</subfield><subfield code="b">eng</subfield><subfield code="e">rda</subfield><subfield code="c">NPI</subfield><subfield code="d">OCLCQ</subfield><subfield code="d">IUL</subfield><subfield code="d">OCLCF</subfield></datafield><datafield ind1="1" ind2=" " tag="029"><subfield code="a">AU@</subfield><subfield code="b">000025841102</subfield></datafield><datafield ind1=" " ind2=" " tag="042"><subfield code="a">pcc</subfield></datafield><datafield ind1=" " ind2=" " tag="043"><subfield code="a">n-us-in</subfield></datafield><datafield ind1="0" ind2=" " tag="130"><subfield code="a">Daily Jacksonian (Rushville, Ind.)</subfield></datafield><datafield ind1="1" ind2="4" tag="245"><subfield code="a">The daily Jacksonian.</subfield></datafield><datafield ind1="1" ind2=" " tag="246"><subfield code="i">Issues for March 27-31 1913 called:</subfield><subfield code="a">Daily Jacksonian-Republican.</subfield></datafield><datafield ind1=" " ind2="1" tag="264"><subfield code="a">Rushville, Indiana :</subfield><subfield code="b">Newbold &amp; Puntenny</subfield></datafield><datafield ind1=" " ind2=" " tag="300"><subfield code="a">volumes :</subfield><subfield code="b">illustrations ;</subfield><subfield code="c">57 cm</subfield></datafield><datafield ind1=" " ind2=" " tag="310"><subfield code="a">Daily (except Sunday)</subfield></datafield><datafield ind1=" " ind2=" " tag="336"><subfield code="a">text</subfield><subfield code="b">txt</subfield><subfield code="2">rdacontent</subfield></datafield><datafield ind1=" " ind2=" " tag="337"><subfield code="a">unmediated</subfield><subfield code="b">n</subfield><subfield code="2">rdamedia</subfield></datafield><datafield ind1=" " ind2=" " tag="338"><subfield code="a">volume</subfield><subfield code="b">nc</subfield><subfield code="2">rdacarrier</subfield></datafield><datafield ind1="1" ind2=" " tag="362"><subfield code="a">Began in July 1909.</subfield></datafield><datafield ind1=" " ind2=" " tag="500"><subfield code="a">Due to flooding of the Daily Republican offices the issues for March 27-31, 1913 were published in combined form with the Daily Jacksonian as: Daily Jacksonian-Republican..</subfield></datafield><datafield ind1=" " ind2=" " tag="580"><subfield code="a">Preceeded by the daily edition of the "Democrat" which may have been called: Rushville daily Democrat.</subfield></datafield><datafield ind1=" " ind2=" " tag="580"><subfield code="a">Also published 1909-1915 in a weekly edition which may have been called: Weekly Jacksonian.</subfield></datafield><datafield ind1=" " ind2=" " tag="588"><subfield code="a">Description based on: Vol. 17, no. 234 (May 11, 1914); title from masthead, U.S. Newspaper Archive (viewed Aug. 28, 2017).</subfield></datafield><datafield ind1=" " ind2="0" tag="651"><subfield code="a">Rushville (Ind.)</subfield><subfield code="v">Newspapers.</subfield></datafield><datafield ind1=" " ind2="0" tag="651"><subfield code="a">Rush County (Ind.)</subfield><subfield code="v">Newspapers.</subfield></datafield><datafield ind1=" " ind2="7" tag="651"><subfield code="a">Indiana</subfield><subfield code="z">Rush County.</subfield><subfield code="2">fast</subfield><subfield code="0">(OCoLC)fst01212942</subfield></datafield><datafield ind1=" " ind2="7" tag="651"><subfield code="a">Indiana</subfield><subfield code="z">Rushville.</subfield><subfield code="2">fast</subfield><subfield code="0">(OCoLC)fst01249137</subfield></datafield><datafield ind1=" " ind2="7" tag="655"><subfield code="a">Newspapers.</subfield><subfield code="2">fast</subfield><subfield code="0">(OCoLC)fst01423814</subfield></datafield><datafield ind1=" " ind2=" " tag="752"><subfield code="a">United States</subfield><subfield code="b">Indiana</subfield><subfield code="c">Rush</subfield><subfield code="d">Rushville.</subfield></datafield><datafield ind1="1" ind2=" " tag="775"><subfield code="t">Weekly Jacksonian</subfield></datafield><datafield ind1="1" ind2="0" tag="780"><subfield code="t">Rushville daily Democrat</subfield></datafield><datafield ind1="0" ind2=" " tag="787"><subfield code="t">Daily Republican (Rushville, Ind.)</subfield><subfield code="w">(DLC)sn 85048185</subfield><subfield code="w">(OCoLC)12844882</subfield></datafield><datafield ind1="4" ind2="1" tag="856"><subfield code="u">https://access.newspaperarchive.com/us/indiana/rushville/rushville-daily-jacksonian</subfield></datafield><datafield ind1="4" ind2="1" tag="856"><subfield code="u">https://access.newspaperarchive.com/us/indiana/rushville/rushville-daily-jacksonian-republican</subfield></datafield></record>